
@Article{Adomavicius:05,
  author = {Gediminas Adomavicius and Alexander Tuzhilin},
  title = {{Toward the next generation of recommender systems: A survey of the
    state-of-the-art and possible extensions}},
  journal = {IEEE Transactions on Knowledge and Data Engineering},
  volume = {17},
  number = {6},
  pages = {734--749},
  year = {2005}
}

@Inproceedings{Agrawal:94,
  author = {Agrawal, Rakesh and Srikant, Ramakrishnan},
  title = {{Fast Algorithms for Mining Association Rules in Large Databases}},
  booktitle = {Proceedings of the 20th International Conference on Very Large
    Data Bases},
  series = {VLDB '94},
  pages = {487--499},
  publisher = {Morgan Kaufmann Publishers Inc.},
  year = {1994}
}

@Article{Agarwal:00,
    author = {Ramesh C. Agarwal and Charu C. Aggarwal and V. V. V. Prasad},
    title = {A tree projection algorithm for generation of frequent itemsets},
    journal = {Journal of Parallel and Distributed Computing},
    year = {2000},
    volume = {61},
    pages = {350--371}
}

@Inproceedings{Basili:85,
  author = {R. Basili},
  title = {{Quantitative Evaluation of Software Engineering Methodology}},
  booktitle = {First Pan Pacific Computer Conference},
  year = {1985}
}

@Article{Betts:07,
  author = {Olly Betts},
  title = {{Xapian: BM25 Weighting Scheme}},
  journal = {Disponível em \\ \small{\url{http://xapian.org/docs/bm25.html}}},
  year = {2007}
}

@article{Burke:02,
 author = {Burke, Robin},
 title = {{Hybrid Recommender Systems: Survey and Experiments}},
 journal = {User Modeling and User-Adapted Interaction},
 volume = {12},
 month = {November},
 year = {2002},
 pages = {331--370},
 publisher = {Kluwer Academic Publishers},
}

@Article{Castells:06,
  author = {Manuel Castells},
  title = {{A Era da Intercomunicação}},
  journal = {Le Monde Diplomatique Brasil},
  volume = {Agosto 2006},
  year = {2006}
}

@Inproceedings{Cazella:10,
  author = {Sílvio César Cazella and Eliseo Berni Reategui and Maria Augusta
    Nunes},
  title = {{A ciência da opinião: estado da erte em sistemas de recomendação}},
  booktitle = {JAI: Jornada de Atualização em Informática da SBC},
  institution = {PUC Rio},
  pages = {161--216},
  year = {2010}
}

@Inproceedings{Cheung:96,
  author = {Cheung, David W. and Han, Jiawei and Ng, Vincent T. and Fu, Ada W.
    and Fu, Yongjian},
  title = {A fast distributed algorithm for mining association rules},
  booktitle = {Proceedings of the fourth international conference on
    Parallel and distributed information systems},
  series = {DIS '96},
  pages = {31--43},
  publisher = {IEEE Computer Society},
  year = {1996}
}

@Inproceedings{Cosmo:08,
  author = {Roberto Di Cosmo and Stefano Zacchiroli and Paulo Trezentos},
  title = {{Package upgrades in FOSS distributions: details and challenges}},
  booktitle = {Proceedings of the 1st International Workshop on Hot Topics in
    Software Upgrades},
  pages = {7:1--7:5},
  publisher = {ACM},
  year = {2008}
}

@Techreport{Cosmo:09,
  author = {Pietro Abate and Jaap Boender and Roberto Di Cosmo and Stefano
    Zacchiroli},
  title = {{Strong Dependencies between Software Components}},
  institution = {MANCOOSI - Managing the Complexity of the Open Source
    Infraestructure},
  year = {2009}
}

@Article{Freedesktop:11,
  author = {Freedesktop},
  title = {{Distributions Wiki: Cross-distro Meeting on Application Installer}},
  journal = {Disponível em \small{\url{http://distributions.freedesktop.org/
    wiki/Meetings/AppInstaller2011}}},
  year = {2011}
}

@Article{Ferraro:07,
  author = {Siobhán O'Mahony and Fabrizio Ferraro},
  title = {{The Emergence of Governance in an Open Source Community}},
  journal = {Academy of Management Journal},
  volume = {50},
  number = {5},
  pages = {1079--1106},
  year = {2007}
}

@Article{Fouss:08,
  author = {Francois Fouss and Marco Saerens},
  title = {{Evaluating performance of recommender systems: An experimental
    comparison}},
  journal = {IEEE/WIC/ACM International Conference on Web Intelligence and
    Intelligent Agent Technology},
  year = {2008}
}

@Article{Han:00,
 author = {Han, Jiawei and Pei, Jian},
 title = {Mining frequent patterns by pattern-growth: methodology and
   implications},
 journal = {SIGKDD Explor. Newsl.},
 volume = {2},
 month = {December},
 pages = {14--20},
 publisher = {ACM},
 year = {2000}
}

@Incollection{Hegland:03,
   author = {Hegland, Markus},
   title = {Algorithms for Association Rules},
   booktitle = {Advanced Lectures on Machine Learning},
   series = {Lecture Notes in Computer Science},
   editor = {Mendelson, Shahar and Smola, Alexander},
   publisher = {Springer Berlin / Heidelberg},
   pages = {226-234},
   volume = {2600},
   year = {2003}
}

@phdthesis{Herlocker:00,
  author = {Herlocker, Jonathan Lee},
  title = {{Understanding and improving automated collaborative filtering
    systems}},
  publisher = {University of Minnesota},
  year = {2000}
}

@article{Herlocker:04,
 author = {Herlocker, Jonathan L. and Konstan, Joseph A. and Terveen, Loren G.
   and Riedl, John T.},
 title = {{Evaluating collaborative filtering recommender systems}},
 journal = {ACM Trans. Inf. Syst.},
 volume = {22},
 year = {2004},
 pages = {5--53}
}

@Article{Jackson:98,
  author = {Ian Jackson and Christian Schwarz},
  title = {{Debian Policy Manual}},
  journal = {Disponível em
    \small{\url{http://www.debian.org/doc/debian-policy}}},
  year = {1998}
}

@Article{Jones:00,
 author = {Jones, K. Sparck and Walker, S. and Robertson, S. E.},
 title = {{A probabilistic model of information retrieval: development and
   comparative experiments (Parts 1 and 2)}},
 journal = {Inf. Process. Manage.},
 volume = {36},
 year = {2000},
 pages = {779--840},
 publisher = {Pergamon Press, Inc.},
}

@book{Kaufman:05,
  author = {Kaufman, Leonard and Rousseeuw, Peter J.},
  howpublished = {Paperback},
  publisher = {Wiley-Interscience},
  title = {{Finding Groups in Data: An Introduction to Cluster Analysis (Wiley
    Series in Probability and Statistics)}},
  year = {2005}
}

@Inproceedings{Kohavi:95,
 author = {Kohavi, Ron},
 title = {A study of cross-validation and bootstrap for accuracy estimation and
model selection},
 booktitle = {Proceedings of the 14th international joint conference on
Artificial intelligence - Volume 2},
 year = {1995},
 pages = {1137--1143},
 publisher = {Morgan Kaufmann Publishers Inc.},
}

@Article{Kotsiantis:06,
  author = {Sotiris Kotsiantis and Dimitris Kanellopoulos},
  title = {{Association rule mining: a recent overview}},
  journal = {GESTS International Transactions on Computer Science and
    Engineering},
  volume = {32},
  pages = {71--82},
  year = {2006}
}

@Book{Linus:01,
  title = {{Just for Fun: The Story of an Accidental Revolutionary}},
  author = {Linus Torvalds and David Diamond},
  publisher = {HARPER USA},
  year = {2001}
}

@Book{Manning:09,
  title = {{An Introduction to Information Retrieval}},
  author = {Christopher D. Manning and Prabhakar Raghavan and Hinrich Schütze},
  publisher = {Cambridge University Press},
  year = {2009}
}

@phdthesis{Manzato:11,
  author = {Marcelo Garcia Manzato},
  title = {{Uma arquitetura de personalização de conteúdo baseada em anotações
    do usuário}},
  publisher = {Universidade de São Paulo},
  year = {2011}
}

@Book{Morimoto:06,
  author = {Carlos E. Morimoto},
  title = {{Linux, Ferramentas Técnicas}},
  publisher = {GDH Press e Sul Editores},
  year = {2006}
}

@Article{Nussbaum:10,
  author = {Lucas Nussbaum and Stefano Zacchiroli},
  title = {{The Ultimate Debian Database: Consolidating Bazaar Metadata for
    Quality Assurance and Data Mining}},
  journal = {IEEE Working Conference on Mining Software Repositories},
  year = {2010}
}

@MastersThesis{Panaggio:10,
  author = {Ricardo Luís Zanetti Pannagio},
  title = {Arcabouço genérico baseado em técnicas de agrupamento para sistemas
    de recomendação},
  school = {Universidade Estadual de Campinas},
  year = {2010}
}

@Article{Paul:10,
  author = {Rian Paul},
  title = {{Shuttleworth: Unity shell will be default desktop in Ubuntu 11.04}},
  journal = {Disponível em \small{\url{http://arstechnica.com/open-source/news/
    2010/10/shuttleworth-unity-shell-will-be-default-desktop-in-ubuntu-1104}}},
  publisher = {Ars Technica},
  year = {2010}
}

@MastersThesis{Pedronette:08,
  author = {Daniel Carlos Guimarães Pedronette},
  title = {Uma plataforma de serviços de recomendação para bibliotecas
    digitais},
  school = {Universidade Estadual de Campinas},
  year = {2008}
}

@MastersThesis{Pereira:07,
  author = {Diego Pereira},
  title = {Uma aplicação de sistemas de recomendação: sistema de recomendação
    para pacotes GNU/Linux},
  school = {Universidade Federal do Rio Grande do Sul},
  year = {2007}
}

@Article{Perez:09,
  author = {P\'{e}rez-Iglesias, Joaqu\'{\i}n and P\'{e}rez-Ag\"{u}era, Jos\'{e}
    R. and Fresno, V\'{\i}ctor and Feinstein, Yuval Z.},
  title = {{Integrating the Probabilistic Models BM25/BM25F into Lucene}},
  journal   = {CoRR. Disponível em
    \small{\url{http://arxiv.org/abs/0911.5046}}},
  year = {2009}
}

@Book{Polya:45,
  author = {George Polya},
  title = {{How to Solve It: A New Aspect of Mathematical Method}},
  publisher = {Princeton University Press},
  year = {1945}
}

@Book{Raymond:99,
  author = {Eric S. Raymond},
  title = {{The Cathedral \& the Bazaar}},
  publisher = {O'Reilly Media},
  year = {1999}
}

@Article{Resnick:97,
  author = {Resnick, Paul and Varian, Hal R.},
  title = {{Recommender Systems}},
  journal = {Communications of the ACM},
  volume = {40},
  number = {3},
  pages = {56--58},
  publisher = {ACM},
  year = {1997}
}

@Article{Robertson:77,
    author = {Robertson, S. E.},
    journal = {Journal of Documentation},
    number = {4},
    pages = {294--304},
    publisher = {MCB UP Ltd},
    title = {{The Probability Ranking Principle in IR}},
    volume = {33},
    year = {1977}
}

@Inproceedings{Robertson:94,
    author = {S. E. Robertson and S. Walker},
    title = {{Some simple effective approximations to the 2-Poisson model for
              probabilistic weighted retrieval}},
    booktitle = {In Proceedings of SIGIR'94},
    year = {1994},
    pages = {232--241},
    publisher = {Springer-Verlag}
}
@Article{Rocha:09,
  author = {Rocha, Leonardo Marques and Cappabianco, F\'{a}bio A. M. and
    Falc\~{a}o, Alexandre Xavier},
  title = {Data clustering as an optimum-path forest problem with applications
    in image analysis},
  journal = {Int. J. Imaging Syst. Technol.},
  volume = {19},
  month = {June},
  year = {2009},
  pages = {50--68},
  publisher = {John Wiley \& Sons, Inc.},
}

@MastersThesis{Schroeder:07,
  author = {Alain Schröder},
  title = {Konzeption und Erstellung eines Systems zur Generierung
    personalisierter Installationsratschläge für das Debian},
  school = {Universität Paderborn},
  year = 2007
}

@Inproceedings{Shardanand:95,
  author = {Shardanand, U. and Maes, P.},
  title = {{Social information filtering: Algorithms for automating `word of
    mouth'}},
  booktitle = {Proceedings of the Conference on human factors in Computing
    Systems},
  year = {1995}
}

@Article{Simon:08,
  author = {Imre Simon and Miguel Said Vieira},
  title = {{O rossio não rival}},
  journal = {Disponível em
    \small{\url{http://www.ime.usp.br/~is/papir/RNR_v9.pdf}}},
  year = {2008}
}

@Article{Stallman:97,
  author = {Richard Stallman},
  title = {{Linux and the GNU Project}},
  journal = {Disponível em
    \small{\url{http://www.gnu.org/gnu/linux-and-gnu.html}}},
  year = {1997}
}

@Inproceedings{Vozalis:03,
  author = {Emmanouil Vozalis and Konstantinos G. Margaritis},
  title = {{Analysis of Recommender Systems' Algorithms}},
  booktitle = {Proceedings of the 6th Hellenic European Conference on Computer
    Mathematics and its Applications},
  year = {2003}
}

@Book{Iyengar:10,
  author = {Sheena Iyengar},
  title = {{The Art of Choosing}},
  publisher = {Twelve},
  year = {2010}
}

@Inproceedings{Zhang:04,
    author = {Zhang, Harry},
    booktitle = {FLAIRS Conference},
    publisher = {AAAI Press},
    title = {{The Optimality of Naive Bayes.}},
    year = {2004}
}

@Article{Zini:05,
  author = {Enrico Zini},
  title = {{A cute introduction to Debtags}},
  journal = {Disponível em \\
    \small{\url{http://debtags.alioth.debian.org/paper-debtags.html}}},
  year = {2011}
}

@Article{Zini:11,
  author = {Enrico Zini},
  title = {{Cross-distro Meeting on Application Installer}},
  journal = {Disponível em \\
    \small{\url{http://www.enricozini.org/2011/debian/appinstaller2011}}},
  year = {2011}
}

